@ONLINE{mist,
title = {Blender Manual},
author = {VAN LOMMEL, Brecht},
url = {https://docs.blender.org/manual/en/2.79/render/blender_render/world/mist.html},
urldate = {2020-04-02},
publisher = {Blender Foundation},
address = {Amsterdam}
}

@ONLINE{Sunflowers,
title = {Sunflowers HDRI Textur},
author = {MAJDBORODA, Sergej},
url = {https://hdrihaven.com/hdri/?c=skies&h=sunflowers},
urldate = {2020-02-10},
publisher = {hdrihaven.com},
address = {Johannesburg}
}

@ONLINE{Rocker,
title = {Rocker Switch - Arcolectric H8550VB},
author = {SCHWECKE, Stephanie},
url = {https://grabcad.com/library/rocker-switch-arcolectric-h8550vb},
urldate = {2020-01-05},
publisher = {GrabCAD},
address = {Cambridge, MA}
}

@ONLINE{brushless,
title = {brushless motor 2212 920kv},
author = {KrisNT},
url = {https://grabcad.com/library/brushless-motor-2212-920kv-1},
urldate = {2020-01-05},
publisher = {GrabCAD},
address = {Cambridge, MA}
}

@ONLINE{Hobby,
title = {Hobby Servo Motors for RC cars, planes, etc...},
author = {SHUJA, Hasanain},
url = {https://grabcad.com/library/hobby-servo-motors-for-rc-cars-planes-etc-1},
urldate = {2020-01-05},
publisher = {GrabCAD},
address = {Cambridge, MA}
}

@ONLINE{propeller,
title = {propeller},
author = {SERTOÄžLU, Cagatay},
url = {https://grabcad.com/library/propeller-403},
urldate = {2020-01-05},
publisher = {GrabCAD},
address = {Cambridge, MA}
}

@ONLINE{Sailboat,
title = {Sailboat III},
author = {CITATI, Filippo},
url = {https://grabcad.com/library/sailboat-iii-1},
urldate = {2020-01-05},
publisher = {GrabCAD},
address = {Cambridge, MA}
}

@ONLINE{impression,
title = {2010 elan impression},
author = {boats.com},
url = {https://de.boats.com/segelboote/2010-elan-impression-434-5942438/},
urldate = {2020-03-14},
publisher = {boats.com},
address = {Norfold, VI}
}

@ONLINE{Wake,
title = {Kelvin Wake},
author = {BERDNIKOV, Aleksandr},
url = {https://en.wikipedia.org/wiki/Wake#/media/File:Kelvin_Wake_Fr=2.png},
urldate = {2020-02-24},
publisher = {wikipedia.org},
address = {San Francisco, CA}
}

@ONLINE{Sky,
title = {Hdr Sky Cloudy 004},
author = {PRICE, Andrew},
url = {https://www.poliigon.com/texture/hdr-sky-cloudy-004},
urldate = {2020-04-08},
publisher = {poliigon.com},
address = {Brisbane}
}

@ONLINE{people,
title = {3d scanned people},
author = {Xoio},
url = {https://xoio-air.de/2017/3d-scanned-people-improved-version/},
urldate = {2020-04-02},
publisher = {xoio.de},
address = {Berlin}
}

@ONLINE{rigging,
title = {What is rigging?},
author = {Concept Art Empire},
url = {https://conceptartempire.com/what-is-rigging/},
urldate = {2020-04-01},
publisher = {conceptartempire.com},
address = {Los Angeles, CA}
}

@ONLINE{cycles,
title = {Introduction to Cycles Internals},
author = {STOCKNER, Lukas},
url = {https://www.youtube.com/watch?v=3Lxc1-OvisQ},
urldate = {2020-02-23},
publisher = {Blender Foundation},
address = {Amsterdam}
}

@ONLINE{weight_paint,
title = {Introduction to Weight Painting},
author = {VAN LOMMEL, Brecht},
url = {https://docs.blender.org/manual/en/latest/sculpt_paint/weight_paint/introduction.html},
urldate = {2020-02-26},
publisher = {Blender Foundation},
address = {Amsterdam}
}

@ONLINE{filmic,
title = {Color Management},
author = {SOBOTKA, Troy},
url = {https://docs.blender.org/manual/en/latest/render/color_management.html},
urldate = {2020-02-01},
publisher = {Blender Foundation},
address = {Amsterdam}
}

@book{matchmoving,
author = {DOBBERT, Tim},
title = {Matchmoving: The Invisible Art of Camera Tracking},
year = {2012},
isbn = {111835205X},
publisher = {SYBEX Inc.},
address = {Alameda, CA},
edition = {2nd}
}

@ONLINE{openexr,
title = {OpenEXR},
author = {LF Projects, LLC},
url = {https://www.openexr.com/},
urldate = {2020-02-02},
publisher = {LF Projects, LLC},
address = {Los Angeles, CA}
}

@ONLINE{linearworkflow,
title = {Linear workflows and color management},
author = {{Autodesk Knowledge Network}},
url = {https://knowledge.autodesk.com/support/maya/learn-explore/caas/CloudHelp/cloudhelp/2018/ENU/Maya-Rendering/files/GUID-A1329E53-4132-4229-AF14-607BE0371F95-htm.html},
urldate = {2020-02-20},
publisher = {Autodesk Knowledge Network},
address = {San Rafael, CA}
}

@ONLINE{colorcorrect,
title = {Color Correction with DaVinci Resolve 15},
author = {FISSOUN, Daria},
url = {https://documents.blackmagicdesign.com/UserManuals/DaVinci-Resolve-15-Color-Correction.pdf?_v=1555571700000},
urldate = {2020-03-25},
publisher = {Blackmagic Design},
address = {Fremont, CA}
}

@ONLINE{wind,
title = {Wind Sounds: "Howling Wind" for Focus, Sleeping, Studying Hours Of Nature Sounds - 2019},
author = {{mindfulness \& body fulfillment}},
url = {https://www.youtube.com/watch?v=xeTv-pDfxaY},
urldate = {2020-03-15},
publisher = {YouTube, LLC},
address = {San Bruno, CA}
}

@book{vanGumster:2015:BD:2821218,
 author = {VAN GUMSTER, Jason},
 title = {Blender For Dummies},
 year = {2015},
 isbn = {1119039533, 9781119039532},
 edition = {3rd},
 publisher = {For Dummies},
} 

@book{spline,
author = {SALOMON, David},
title = {Curves and Surfaces for Computer Graphics},
year = {2005},
isbn = {0387241965},
publisher = {Springer-Verlag},
address = {Berlin, Heidelberg}
}

@ONLINE{thbd,
title = {Ocean},
author = {{Thbd}},
url = {https://soundcloud.com/thbdsultan/ocean},
urldate = {2020-04-14},
publisher = {SoundCloud Ltd.},
address = {London}
}

@ONLINE{SearchWing,
title = {Searchwing Augsburg},
author = {{SearchWing Team}},
url = {https://www.hs-augsburg.de/en/Electrical-Engineering/SearchWing.html},
urldate = {2020-04-16},
publisher = {Hochschule Augsburg},
address = {Augsburg}
}




